@comment{x-kbibtex-personnameformatting=<%l><, %f>}

% This file was created with JabRef 2.3.1.
% Encoding: ISO8859_1

@misc{Manifesto2001,
	added-at = "2007-12-30T11:39:05.000+0100",
	author = "Beck, Kent and Beedle, Mike and van Bennekum, Arie and Cockburn, Alistair and Cunningham, Ward and Fowler, Martin and Grenning, James and Highsmith, Jim and Hunt, Andrew and Jeffries, Ron and Kern, Jon and Marick, Brian and Martin, Robert C. and Mellor, Steve and Schwaber, Ken and Sutherland, Jeff and Thomas, Dave",
	booktitle = "{Manifesto for Agile Software Development}",
	description = "Manifesto for Agile Software Development",
	interhash = "098cc7e185f10c3da390459a01e0d535",
	intrahash = "8954248a545d88dd2c0e688d1c7e2f9d",
	keywords = "imported",
	timestamp = "2007-12-30T11:39:05.000+0100",
	title = "{Manifesto for Agile Software Development}",
	url = "http://www.agilemanifesto.org; http://www.bibsonomy.org/bibtex/28954248a545d88dd2c0e688d1c7e2f9d/juve",
	year = 2001
}

@article{Comparacao2004,
	author = "Soares, Michel S.",
	journal = "INFOCOMP Journal of Computer Science",
	number = "2",
	pages = "8--13",
	title = "{Compara\c{c}{\~a}o entre Metodologias {\'A}geis e Tradicionais para o Desenvolvimento de Software}",
	volume = "3",
	year = "2004"
}

@book{XP2004,
	author = "Beck, K.",
	isbn = "9788536303871",
	publisher = "BOOKMAN COMPANHIA ED",
	title = "{Programa\c{c}{\~a}o Extrerma Explicada: Acolha as Mudan\c{c}as}",
	url = "http://books.google.com.br/books?id=xWWPkGLIuxMC",
	year = "2004"
}

@book{Scrum2001,
	address = "Upper Saddle River, NJ, USA",
	author = "Schwaber, Ken and Beedle, Mike",
	edition = "1st",
	isbn = "0130676349",
	publisher = "Prentice Hall PTR",
	title = "{Agile Software Development with Scrum}",
	year = "2001"
}

@book{Sommerville2007,
	author = "Sommerville, I.",
	isbn = "9780321313799",
	lccn = "95038788",
	publisher = "Addison-Wesley",
	series = "{International Computer Science Series}",
	title = "{Software Engineering}",
	url = "http://books.google.com.br/books?id=B7idKfL0H64C",
	year = "2007"
}

